@online { propublica, 
    author = Propublica,
    title = {U.S. Congress: Bulk Data on Bills},
    month = April,
    year = 2020,
    url = {https://www.propublica.org/datastore/dataset/congressional-data-bulk-legislation-bills}
}

@online { congress-legislators,
    author = {{@unitedstates project}},
    title = {congress-legislators},
    month = April,
    year = 2020, 
    url = {https://github.com/unitedstates/congress-legislators}
}